%% LaTeX2e file `references.bib'
%% generated by the `filecontents' environment
%% from source `main' on 2023/09/19.
%%
% Your bibliography entries go here in BibTeX format
@article{example,
  author = {Author, A.},
  title = {Title of the Reference},
  journal = {Journal Name},
  year = {2023},
  volume = {1},
  pages = {1-10},
}
